% Literatur über Algebraische Geometrie
@book{Hartshorne,
	author = {Robin Hartshorne},
	title = {Algebraic Geometry},
	year = {1983},
	series = {Graduate Texts in Mathematics},
	number = {52},
	note = {Corrected third printing},
	publisher = {Springer-Verlag},
	location = {New York},
	isbn = {3-540-90244-9}
}
@book{Shafarevich,
	author = {Igor R. Shafarevich},
	title = {Basic Algebraic Geometry},
	subtitle = {Varieties in Projective Space},
	year = {1994},
	translator = {Miles Reid},
	origlanguage = {russian},
	edition = 2,
	publisher = {Springer-Verlag},
	location = {Berlin and Heidelberg},
	isbn = {3-540-54812-2}
}
@book{Mumford,
	author = {David Mumford},
	title = {Complex Projective Varieties},
	year = {1976},
	maintitle = {Algebraic Geometry},
	volume = 1,
	series = {Grundlehren der mathematischen Wissenschaften},
	number = 221,
	publisher = {Springer-Verlag},
	location = {Berlin and Heidelberg and New York},
	isbn = {3-540-58657-1}
}

% Über die 27 Geraden auf einer kubischen Fläche
@book{Henderson,
	author = {Archibald Henderson},
	title = {The Twenty-Seven Lines upon the Cubic Surface},
	year = {1911},
	series = {Cambridge Tracts in Mathematics and Mathematical Physics},
	number = {13},
	publisher = {University Press},
	location = {Cambridge}
}
@article{Cayley,
	author = {Arthur Cayley},
	title = {On the triple tangent planes of surfaces of the third order},
	journal = {The Cambridge and Dublin mathematical journal},
	year = {1849},
	volume = {IV},
	pages = {118--132}
}
@article{Salmon,
	author = {George Salmon},
	title = {On the triple tangent planes to a surface of the third order},
	journal = {The Cambridge and Dublin mathematical journal},
	year = {1849},
	volume = {IV},
	pages = {252 -- 260}
}


% Zur Symmetriegruppe
@book{Dieudonne,
	author = {Jean Dieudonné},
	title = {La géométrie des groupes classiques},
	year = {1955},
	series = {Ergebnisse der Mathematik und ihrer Grenzgebiete},
	number = 5,
	publisher = {Springer-Verlag},
	location = {Berlin and Göttingen and Heidelberg},
	note = {Reihe: Gruppentheorie}
}
@inproceedings{Tate,
	author = {John T. Tate},
	editor = {O. F. G. Schilling},
	title = {Algebraic Cycles and Poles of Zeta Functions},
	booktitle = {Arithmetical Algebraic Geometry},
	year = {1965},
	eventdate = {1963-12-05/1963-12-07},
	venue = {Purdue University, Lafayette, Indiana},
	publisher = {Harper \& Row},
	location = {New York},
	pages = {93--110}
}

% Über Fermat-Flächen
@article{Fermat,
	author = {Tetsuji Shioda and Toshiyuki Katsura},
	title = {On Fermat varieties},
	journaltitle = {Tôhoku Math. Journal},
	year = {1979},
	volume = {31},
	number = {1},
	pages = {97--115}
}
@article{LinesOnFermat,
	author = {Matthias Schütt and Tetsuji Shioda and Ronald {van Luijk}},
	title = {Lines on Fermat surfaces},
	journal = {Journal of Number Theory},
	volume = {130},
	year = {2010},
	pages = {1939--1963},
	issue = {9},
	eprinttype = {arxiv},
	eprint = {0812.2377v3},
	eprintclass = {math.AG}
}
@thesis{Schulze,
	author = {Frithjof Schulze},
	title = {Zur Geometrie und Arithmetik einer K3-Fläche},
	type = {Diplomarbeit},
	institution = {Friedrich-Schiller-Universität},
	year = {2010},
	location = {Jena},
	month = {9}
}

% Sonstiges
@book{LieGroups,
	author = {Nicolas Bourbaki},
	title = {Lie Groups and Lie Algebras},
	maintitle = {Elements of Mathematics},
	year = {1989},
	origlanguage = {french},
	note = {Kapitel 1--3},
	publisher = {Springer-Verlag},
	location = {Berlin and Heidelberg and New York}
}
@book{Bosch,
	author = {Siegfried Bosch},
	title = {Algebra},
	year = {2009},
	edition = {7},
	publisher = {Springer-Verlag},
	location = {Berlin and Heidelberg and New York}
}
